%Bibliothese
%Create by Pham Nguyen Hoang
@book{beaglehole2004,
  title={Public health at the crossroads: achievements and prospects},
  author={Beaglehole, Robert and Bonita, Ruth},
  year={2004},
  publisher={Cambridge University Press}
}

@book{snow1855,
  title={On the mode of communication of cholera},
  author={Snow, John},
  year={1855},
  publisher={John Churchill}
}

@article{doll1964,
  title={Mortality in relation to smoking: ten years' observations of British doctors},
  author={Doll, Richard and Hill, Austin Bradford},
  journal={British medical journal},
  volume={1},
  number={5395},
  pages={1399},
  year={1964},
  publisher={BMJ Publishing Group}
}

@inproceedings{kermark1927,
  title={Contributions to the mathematical theory of epidemics. Part I},
  author={Kermark, M and Mckendrick, A},
  booktitle={Proc. r. soc. a},
  volume={115},
  number={5},
  pages={700--721},
  year={1927}
}

@inproceedings{kermack1932,
  title={Contributions to the mathematical theory of epidemics. II.?The problem of endemicity},
  author={Kermack, William O and McKendrick, Anderson G},
  journal={Proc. R. Soc. Lond. A},
  volume={138},
  number={834},
  pages={55-83},
  year={1932},
  publisher={The Royal Society}
}

@inproceedings{kermack1933,
  title={Contributions to the mathematical theory of epidemics. III.?Further studies of the problem of endemicity},
  author={Kermack, William O and McKendrick, Anderson G},
  booktitle={Proc. R. Soc. Lond. A},
  volume={141},
  number={843},
  pages={94-122},
  year={1933},
  publisher={The Royal Society}
}

@article{barreto2008,
  title={Spread pattern of the first dengue epidemic in the city of Salvador, Brazil},
  author={Barreto, Florisneide R and Teixeira, Maria G and Costa, Maria CN and Carvalho, Marilia S and Barreto, Mauricio L},
  journal={BMC Public Health},
  volume={8},
  number={1},
  pages={51},
  year={2008},
  publisher={BioMed Central Ltd}
}

@article{zhang2008,
  title={Climate change and the transmission of vector-borne diseases: a review},
  author={Zhang, Ying and Bi, Peng and Hiller, Janet E},
  journal={Asia-Pacific Journal of Public Health},
  volume={20},
  number={1},
  pages={64--76},
  year={2008},
  publisher={Sage Publications}
}

@article{cummings2009,
  title={The impact of the demographic transition on dengue in Thailand: insights from a statistical analysis and mathematical modeling},
  author={Cummings, Derek AT and Iamsirithaworn, Sopon and Lessler, Justin T and McDermott, Aidan and Prasanthong, Rungnapa and Nisalak, Ananda and Jarman, Richard G and Burke, Donald S and Gibbons, Robert V},
  journal={PLoS Med},
  volume={6},
  number={9},
  pages={e1000139},
  year={2009},
  publisher={Public Library of Science}
}

@article{hales1996,
  title={Dengue fever epidemics in the South Pacific: driven by El Ni{\~n}o southern oscillation?},
  author={Hales, S and Weinstein, P and Woodward, A},
  journal={The Lancet},
  volume={348},
  number={9042},
  pages={1664--1665},
  year={1996},
  publisher={Elsevier}
}

@article{hales1999,
  title={El Nino and the dynamics of vectorborne disease transmission.},
  author={Hales, Simon and Weinstein, Phil and Souares, Yvan and Woodward, Alistair},
  journal={Environmental Health Perspectives},
  volume={107},
  number={2},
  pages={99},
  year={1999},
  publisher={National Institute of Environmental Health Science}
}

@article{cazelles2005,
  title={Nonstationary influence of El Nino on the synchronous dengue epidemics in Thailand},
  author={Cazelles, Bernard and Chavez, Mario and McMichael, Anthony J and Hales, Simon},
  journal={PLoS Med},
  volume={2},
  number={4},
  pages={e106},
  year={2005},
  publisher={Public Library of Science}
}

@article{teixeira2006,
  title={Dengue fever: a call for local, national, and international action},
  author={Teixeira, Maria Gloria},
  journal={Emerg Infect Dis},
  volume={12},
  pages={887--93},
  year={2006}
}

@article{gubler2004,
  title={Cities spawn epidemic dengue viruses},
  author={Gubler, Duane J},
  journal={Nature medicine},
  volume={10},
  number={2},
  pages={129--130},
  year={2004},
  publisher={Nature Publishing Group}
}

@article{cummings2004,
  title={Travelling waves in the occurrence of dengue haemorrhagic fever in Thailand},
  author={Cummings, Derek AT and Irizarry, Rafael A and Huang, Norden E and Endy, Timothy P and Nisalak, Ananda and Ungchusak, Kumnuan and Burke, Donald S},
  journal={Nature},
  volume={427},
  number={6972},
  pages={344--347},
  year={2004},
  publisher={Nature Publishing Group}
}
@article{tun2016,
  title={Characterization of the 2013 dengue epidemic in Myanmar with dengue virus 1 as the dominant serotype},
  author={Tun, Mya Myat Ngwe and Kyaw, Aung Kyaw and Makki, Nader and Muthugala, Rohitha and Nabeshima, Takeshi and Inoue, Shingo and Hayasaka, Daisuke and Moi, Meng Ling and Buerano, Corazon C and Thwe, Saw Myat and others},
  journal={Infection, Genetics and Evolution},
  volume={43},
  pages={31--37},
  year={2016},
  publisher={Elsevier}
}

@article{van2015,
  title={Region-wide synchrony and traveling waves of dengue across eight countries in Southeast Asia},
  author={van Panhuis, Willem G and Choisy, Marc and Xiong, Xin and Chok, Nian Shong and Akarasewi, Pasakorn and Iamsirithaworn, Sopon and Lam, Sai K and Chong, Chee K and Lam, Fook C and Phommasak, Bounlay and others},
  journal={Proceedings of the National Academy of Sciences},
  volume={112},
  number={42},
  pages={13069--13074},
  year={2015},
  publisher={National Acad Sciences}
}

@article{Willem2014,
  title={Region-wide synchrony of dengue incidence in Southeast Asia during a historic El Niño event},
  author={Willem G and Choisy, Marc and Xiong, Xin and Chok, Nian Shong and Akarasewi, Pasakorn and Iamsirithaworn, Sopon and Lam, Sai K and Chong, Chee K and Lam, Fook C and Phommasak, Bounlay and others},
  journal={Nature},
  year={2014},
  publisher={Public Health Dynamic}
}


@article{le2015,
  title={A dengue outbreak on a floating village at Cat Ba Island in Vietnam},
  author={Le Viet, Thanh and Choisy, Marc and Bryant, Juliet E and Trong, Duoc Vu and Quang, Thai Pham and Horby, Peter and Tran, Hien Nguyen and Kieu, Huong Tran Thi and Vu, Trung Nguyen and Van, Kinh Nguyen and others},
  journal={BMC public health},
  volume={15},
  number={1},
  pages={1},
  year={2015},
  publisher={BioMed Central}
}

@article{do2014,
  title={Climatic-driven seasonality of emerging dengue fever in Hanoi, Vietnam},
  author={Do, Thi Thanh T and Martens, Pim and Luu, Ngoc H and Wright, Pamela and Choisy, Marc},
  journal={BMC public health},
  volume={14},
  number={1},
  pages={1078},
  year={2014},
  publisher={BioMed Central Ltd}
}

@article{granger1969,
  title={Investigating causal relations by econometric models and cross-spectral methods},
  author={Granger, Clive WJ},
  journal={Econometrica: Journal of the Econometric Society},
  pages={424--438},
  year={1969},
  publisher={JSTOR}
}

@article{granger1980,
  title={Testing for causality: a personal viewpoint},
  author={Granger, Clive WJ},
  journal={Journal of Economic Dynamics and control},
  volume={2},
  pages={329--352},
  year={1980},
  publisher={Elsevier}
}


@article{geweke1982,
  title={Measurement of linear dependence and feedback between multiple time series},
  author={Geweke, John},
  journal={Journal of the American statistical association},
  volume={77},
  number={378},
  pages={304--313},
  year={1982},
  publisher={Taylor \& Francis}
}


@article{bhatt2013,
  title={The global distribution and burden of dengue},
  author={Bhatt, Samir and Gething, Peter W and Brady, Oliver J and Messina, Jane P and Farlow, Andrew W and Moyes, Catherine L and Drake, John M and Brownstein, John S and Hoen, Anne G and Sankoh, Osman and others},
  journal={Nature},
  volume={496},
  number={7446},
  pages={504--507},
  year={2013},
  publisher={Nature Publishing Group}
}

@article{pfaff2013package,
  title={Package ?vars?},
  author={Pfaff, Bernhard and Stigler, Matthieu and Pfaff, Maintainer Bernhard},
  year={2013}
}


@article{yang2009,
  title={Assessing the effects of temperature on the population of Aedes aegypti, the vector of dengue},
  author={Yang, HM and Macoris, MLG and Galvani, KC and Andrighetti, MTM and Wanderley, DMV},
  journal={Epidemiology and infection},
  volume={137},
  number={08},
  pages={1188--1202},
  year={2009},
  publisher={Cambridge Univ Press}
}

@article{lambrechts2011,
  title={Impact of daily temperature fluctuations on dengue virus transmission by Aedes aegypti},
  author={Lambrechts, Louis and Paaijmans, Krijn P and Fansiri, Thanyalak and Carrington, Lauren B and Kramer, Laura D and Thomas, Matthew B and Scott, Thomas W},
  journal={Proceedings of the National Academy of Sciences},
  volume={108},
  number={18},
  pages={7460--7465},
  year={2011},
  publisher={National Acad Sciences}
}

@article{scott2000,
  title={Longitudinal studies of Aedes aegypti (Diptera: Culicidae) in Thailand and Puerto Rico: blood feeding frequency},
  author={Scott, Thomas W and Amerasinghe, Priyanie H and Morrison, Amy C and Lorenz, Leslie H and Clark, Gary G and Strickman, Daniel and Kittayapong, Pattamaporn and Edman, John D},
  journal={Journal of medical entomology},
  volume={37},
  number={1},
  pages={89--101},
  year={2000},
  publisher={The Oxford University Press}
}

@techreport{watts1986,
  title={Effect of temperature on the vector efficiency of Aedes aegypti for dengue 2 virus},
  author={Watts, Douglas M and Burke, Donald S and Harrison, Bruce A and Whitmire, Richard E and Nisalak, Ananda},
  year={1986},
  institution={DTIC Document}
}

@article{massad2011,
  title={Modeling the impact of global warming on vector-borne infections},
  author={Massad, Eduardo and Coutinho, Francisco Antonio Bezerra and Lopez, Luis Fernandez and Da Silva, Daniel Rodrigues},
  journal={Physics of Life Reviews},
  volume={8},
  number={2},
  pages={169--199},
  year={2011},
  publisher={Elsevier}
}

@inproceedings{batista2011,
  title={A complexity-invariant distance measure for time series},
  author={Batista, Gustavo EAPA and Wang, Xiaoyue and Keogh, Eamonn J},
  booktitle={Proceedings of the 2011 SIAM international conference on data mining},
  pages={699--710},
  year={2011},
  organization={SIAM}
}

@incollection{kruskal1983,
  title={The theory and practice of sequence comparison},
  author={Kruskal, JB},
  booktitle={Time warps, string edits, and macromolecules},
  pages={1--44},
  year={1983},
  publisher={Addison-Wesley Publ. Comp., Inc, London}
}

@inproceedings{keogh2001,
  title={Derivative dynamic time warping},
  author={Keogh, Eamonn J and Pazzani, Michael J},
  booktitle={Proceedings of the 2001 SIAM International Conference on Data Mining},
  pages={1--11},
  year={2001},
  organization={SIAM}
}

@article{xie2010,
  title={Adaptive feature based dynamic time warping},
  author={Xie, Ying and Wiltgen, Bryan},
  journal={International Journal of Computer Science and Network Security},
  volume={10},
  number={1},
  pages={264--273},
  year={2010}
}

@inproceedings{morse2007,
  title={An efficient and accurate method for evaluating time series similarity},
  author={Morse, Michael D and Patel, Jignesh M},
  booktitle={Proceedings of the 2007 ACM SIGMOD international conference on Management of data},
  pages={569--580},
  year={2007},
  organization={ACM}
}
@article{rousseeuw1987,
  title={Silhouettes: a graphical aid to the interpretation and validation of cluster analysis},
  author={Rousseeuw, Peter J},
  journal={Journal of computational and applied mathematics},
  volume={20},
  pages={53--65},
  year={1987},
  publisher={Elsevier}
}


@article{sugihara2012,
  title={Detecting causality in complex ecosystems},
  author={Sugihara, George and May, Robert and Ye, Hao and Hsieh, Chih-hao and Deyle, Ethan and Fogarty, Michael and Munch, Stephan},
  journal={science},
  volume={338},
  number={6106},
  pages={496--500},
  year={2012},
  publisher={American Association for the Advancement of Science}
}

@article{tsonis2015,
  title={Dynamical evidence for causality between galactic cosmic rays and interannual variation in global temperature},
  author={Tsonis, Anastasios A and Deyle, Ethan R and May, Robert M and Sugihara, George and Swanson, Kyle and Verbeten, Joshua D and Wang, Geli},
  journal={Proceedings of the National Academy of Sciences},
  volume={112},
  number={11},
  pages={3253--3256},
  year={2015},
  publisher={National Acad Sciences}
}

@article{deyle2016,
  title={Global environmental drivers of influenza},
  author={Deyle, Ethan R and Maher, M Cyrus and Hernandez, Ryan D and Basu, Sanjay and Sugihara, George},
  journal={Proceedings of the National Academy of Sciences},
  volume={113},
  number={46},
  pages={13081--13086},
  year={2016},
  publisher={National Acad Sciences}
}












